@inproceedings{Adamic08,
  added-at = {2009-03-12T18:38:40.000+0100},
  address = {New York, NY, USA},
  author = {Adamic, Lada A. and Zhang, Jun and Bakshy, Eytan and Ackerman, Mark S.},
  biburl = {http://www.bibsonomy.org/bibtex/21622ae9f9809e88715387857ae396267/mkroell},
  booktitle = {WWW '08: Proceeding of the 17th international conference on World Wide Web},
  description = {Knowledge sharing and yahoo answers},
  doi = {http://doi.acm.org/10.1145/1367497.1367587},
  interhash = {77d3d84fd8a7f11e9b3e87ddd5689c81},
  intrahash = {1622ae9f9809e88715387857ae396267},
  isbn = {978-1-60558-085-2},
  keywords = {SocialCorpus},
  location = {Beijing, China},
  pages = {665--674},
  publisher = {ACM},
  timestamp = {2009-03-12T18:38:40.000+0100},
  title = {Knowledge sharing and yahoo answers: everyone knows something},
  url = {http://portal.acm.org/citation.cfm?id=1367497.1367587},
  year = 2008
}
@book{books/daglib/0031386,
  added-at = {2013-08-30T00:00:00.000+0200},
  author = {Brabham, Daren C.},
  biburl = {http://www.bibsonomy.org/bibtex/229e4df3be7843bedc414486483214392/dblp},
  ee = {http://mitpress.mit.edu/books/crowdsourcing},
  interhash = {db5a83289900eb26c114b836d129f349},
  intrahash = {29e4df3be7843bedc414486483214392},
  isbn = {978-0-262-51847-5},
  keywords = {dblp},
  pages = {I-XXIV, 1-138},
  publisher = {MIT Press},
  series = {The MIT Press essential knowledge series},
  timestamp = {2013-08-30T00:00:00.000+0200},
  title = {Crowdsourcing.},
  year = 2013
}
@book{schuler_wikipedia-inside_2007,
  added-at = {2009-01-12T09:24:12.000+0100},
  author = {Schuler, Günter},
  biburl = {http://www.bibsonomy.org/bibtex/20acae8cbbd54e8c91f85b2fb183a4df3/suibhne},
  interhash = {8af0780ec2983018e7c5393c5420ed6e},
  intrahash = {0acae8cbbd54e8c91f85b2fb183a4df3},
  keywords = {enzyklopaedie wikipedia},
  timestamp = {2009-01-12T09:24:12.000+0100},
  title = {Wikipedia inside},
  year = 2007
}
@article{grewing2010sozial,
  abstract = {Im Artikel wird ein aktueller Status zum Web2.0 bzw. Social Web gegeben. Dabei werden einige Plattformen aufgeführt und dahingehend verglichen, dass mangelnde API Unterstützung als Wettbewerbsnachteil erkannt wird. Anschließend wird der Frage nachgegangen welche APIs existieren. Hierzu werden weitere Plattformen aufgelistet und erwähnt welche gemeinsame APIs unterstützen. Im Anschluß wird die API Nutzung anhand eines Gadgets gezeigt. Als Alternative zum Gadget werden weiterhin Java APIs angesprochen. },
  added-at = {2013-01-11T17:44:33.000+0100},
  author = {Grewing, Daniel and Nguyen Nguyen, Duy},
  biburl = {http://www.bibsonomy.org/bibtex/23b308ce7687ffab47d8f3d6f41afd03d/funthomas424242},
  description = {Zusammenfassend scheint sich die Welt der APIs in Facebooks Graph API und Googles OpenSocial zu trennen. Wobei Facebook sein API nur alleine nutzt, OpenSocial hingegen versucht die eierlegende Wollmilchsau zu sein welche alle Dienste vereint. Bei letzterem konnten die hohen Ziele von Google wohl nicht ganz erreicht werden aber dennoch scheint OpenSocial eine Art Standard zu werden. Anbei ein paar technische Details:
Plattformen nennen sich im API Container und Anwendungen sind social applications. Applications können als Gadgets realisiert werden. Ein Gadget besteht aus 3 Bereichen ModulPref und Locale (Kofiguration des Gadgets), UserPref (nutzereigene Konfiguration) und Content (der eigentliche Inhalt). Jedes Gadget kann definieren im welchem Bereich es angezeigt werden soll (Attribut view). Es stehen die Bereiche home view, canvas view und profile view zur Verfügung.
Im Artikel wurden folgende APIs erwähnt:
Twitter4J, Data API, Restlet, Facebook-Java-API, Google Gadget Editor, Gadget Sandbox (Teil der Plattform zum Testen der Gadgets), Stylight API, OAuth, OpenId, AtomPub, Graph-API, RESTfull, JSON, XML. 
Interessierende URLs:
http://www.web2null.de
http://programmableweb.com
http://www.opensocial.org
http://developers.facebook.com/docs/guides/performance
http://dev.twitter.com/pages/libraries
http://code.google.com/intl/de-DE/more/#google-social
http://www.testlet.org/
},
  interhash = {41c93e2043bda8778dff4703705e13cb},
  intrahash = {3b308ce7687ffab47d8f3d6f41afd03d},
  journal = {Java Magazin},
  keywords = {apis facebook g+ java opensocial social social-web web2.0 xing},
  number = 11,
  pages = {48 - 54 },
  timestamp = {2013-01-11T17:44:33.000+0100},
  title = {Java sozial - Social APIs, OpenSocial und die Java Welt},
  year = 2010
}
@electronic{oxford-galaxy-zoo-opens-2007,
  abstract = {Press

Galaxy Zoo opens
Press Release: 10 July 2007

Everyone can visit the ‘Galaxy Zoo’

Caroline ZunckelAstronomers are inviting members of the public to help them make major new discoveries by taking part in a census of one million galaxies.

Visitors to www.galaxyzoo.org will get to see stunning images of galaxies, most of which have never been viewed by human eyes before. By sorting these images into “spiral galaxies” (like our own Milky Way) or “elliptical galaxies”, visitors will help astronomers to understand the structure of the universe. The new digital images were taken using the robotic Sloan Digital Sky Survey telescope in New Mexico.

‘It’s not just for fun’ said Kevin Schawinski of Astrophysics at Oxford University where the data will be analysed. ‘The human brain is actually better than a computer at pattern recognition tasks like this. Whether you spend five minutes, fifteen minutes or five hours using the site your contribution will be invaluable.’ Visitors will be able to print out posters of the galaxies they have explored and even compete to see who’s the best virtual astronomer.

M87The galaxyzoo.org team were inspired by projects such as Stardust@home, in which NASA invited the public to sort through dust grains obtained by a mission to Comet Wild-2. Oxford’s Dr Chris Lintott, co-presenter of the BBC’s Sky at Night programme and galaxyzoo.org team member, commented: ‘What the Stardust team achieved was incredible, but our galaxies are much more interesting to look at than their dust grains. We hope that participants in Galaxy Zoo will not only contribute to science, but have a lot of fun along the way.’

Images for the project are taken from the Sloan Digital Sky Survey, which uses a 142-megapixel digital camera to create the largest digital map of the universe. ‘It is great that digital archives we have built for science are now being used by the public to look at the universe’ says Professor Bob Nichol from the University of Portsmouth. ‘It will be great to have all the galaxies classified; it’s as fundamental as knowing if a human is male or female.’

The astronomers hope that the survey will shed light on how different kinds of galaxies are distributed across the sky. The results might even reveal that there is something fundamentally wrong with existing models of the universe.

Sir Patrick Moore, an enthusiastic supporter of the project, said: ‘Non-professionals have always been deeply involved in studying the sky and they now have yet another opportunity to make themselves really useful. Moreover, their help is now of immense value so do join up – as I am doing myself!’

M101For more information visit www.galaxyzoo.org or contact;
the University of Oxford Press Office on +44 (0)1865 283877 or email: press.office@admin.ox.ac.uk

Notes to editors
• The Galaxy Zoo team includes scientists from the University of Oxford, the University of Portsmouth and Johns Hopkins University (USA), and Fingerprint Digital Media of Belfast.
• Images related to the project can be downloaded from www.galaxyzoo.org/Press.aspx
• For more on the Sloan Digital Sky Survey visit www.sdss.org For full details of those involved go to www.sdss.org/collaboration/credits.html},
  added-at = {2012-07-11T13:48:45.000+0200},
  author = {{University of Oxford}},
  biburl = {http://www.bibsonomy.org/bibtex/2c76ec00fc1bad8649ccabf0e9b0930fd/mhwombat},
  day = 10,
  institution = {University of Oxford Press Office},
  interhash = {8d7a1c83c3b865542922c2bcc5623b8a},
  intrahash = {c76ec00fc1bad8649ccabf0e9b0930fd},
  keywords = {galaxy zoo},
  lastchecked = {2012-07-11 12:47:23},
  month = {July},
  timestamp = {2012-07-11T13:48:45.000+0200},
  title = {Galaxy Zoo opens},
  url = {http://zoo1.galaxyzoo.org/pr_100707.aspx},
  year = 2007
}
@inproceedings{Gonzalez2010,
  abstract = {Google Fusion Tables is a cloud-based service for data management and integration. Fusion Tables enables users to upload tabular data files (spreadsheets, CSV, KML), cur- rently of up to 100MB. The system provides several ways of visualizing the data (e.g., charts, maps, and timelines) and the ability to filter and aggregate the data. It supports the integration of data from multiple sources by performing joins across tables that may belong to different users. Users can keep the data private, share it with a select set of collabora- tors, or make it public and thus crawlable by search engines. The discussion feature of Fusion Tables allows collaborators to conduct detailed discussions of the data at the level of tables and individual rows, columns, and cells. This paper describes the inner workings of Fusion Tables, including the storage of data in the system and the tight integration with the Google Maps infrastructure.},
  added-at = {2013-12-17T10:12:42.000+0100},
  author = {Gonzalez, Hector and Halevy, Alon and Jensen, CS},
  biburl = {http://www.bibsonomy.org/bibtex/22de75a21893cd2b3d8341da3e6144ada/jullybobble},
  booktitle = {SoCC},
  interhash = {8aa5b0e356a2aaf30073d63dbb95812d},
  intrahash = {2de75a21893cd2b3d8341da3e6144ada},
  isbn = {9781450300360},
  keywords = {cloud_services geo-spatial_data visualization phd},
  pages = {175--180},
  timestamp = {2013-12-17T10:12:42.000+0100},
  title = {{Google Fusion Tables: Data Management, Integration and Collaboration in the Cloud}},
  url = {http://dl.acm.org/citation.cfm?id=1807158},
  year = 2010
}
@inproceedings{DBpediaRelationshipFinder,
  added-at = {2011-03-07T16:49:12.000+0100},
  author = {Lehmann, Jens and Schüppel, Jörg and Auer, Sören},
  biburl = {http://www.bibsonomy.org/bibtex/21df434097a250248313b54f2eb4b6e1f/visualdataweb},
  booktitle = {Proceedings of the 1st Conference on Social Semantic Web (CSSW 2007)},
  interhash = {3a04439bcd41afd193558c1636cbba47},
  intrahash = {1df434097a250248313b54f2eb4b6e1f},
  keywords = {DBpedia finder relationship},
  pages = {99-110},
  publisher = {GI},
  series = {LNI},
  timestamp = {2011-03-07T16:49:12.000+0100},
  title = {Discovering Unknown Connections - the {DBpedia} Relationship Finder},
  url = {http://subs.emis.de/LNI/Proceedings/Proceedings113/gi-proc-113-010.pdf},
  volume = 113,
  year = 2007
}
@inproceedings{bollacker-k-2008-1,
  abstract = {Freebase is a practical, scalable tuple database used to structure general human knowledge. The data in Freebase is collaboratively created, structured, and maintained. Freebase currently contains more than 125,000,000 tuples, more than 4000 types, and more than 7000 properties. Public read/write access to Freebase is allowed through an HTTP-based graph-query API using the Metaweb Query Language (MQL) as a data query and manipulation language. MQL provides an easy-to-use object-oriented interface to the tuple data in Freebase and is designed to facilitate the creation of collaborative, Web-based data-oriented applications.},
  added-at = {2012-04-24T14:42:25.000+0200},
  address = {New York, NY, USA},
  author = {Bollacker, Kurt and Evans, Colin and Paritosh, Praveen and Sturge, Tim and Taylor, Jamie},
  biburl = {http://www.bibsonomy.org/bibtex/2dcb34215f5a442484a91275e01a9d2da/mgns},
  booktitle = {SIGMOD '08: Proceedings of the 2008 ACM SIGMOD international conference on Management of data},
  description = {Freebase},
  interhash = {619fe0dbb150f728e95a1acf4b454d64},
  intrahash = {dcb34215f5a442484a91275e01a9d2da},
  keywords = {tagging semantic database},
  pages = {1247--1250},
  publisher = {ACM},
  timestamp = {2012-04-24T14:42:25.000+0200},
  title = {Freebase: a collaboratively created graph database for structuring human knowledge},
  url = {http://ids.snu.ac.kr/w/images/9/98/SC17.pdf},
  year = 2008
}
@article{journals/crossroads/Ipeirotis10,
  added-at = {2011-01-05T00:00:00.000+0100},
  author = {Ipeirotis, Panagiotis G.},
  biburl = {http://www.bibsonomy.org/bibtex/2a0e6b8173db02b3ff148be648c1feef2/dblp},
  ee = {http://doi.acm.org/10.1145/1869086.1869094},
  interhash = {59d23f8b6508202332283c24d4f7ed7d},
  intrahash = {a0e6b8173db02b3ff148be648c1feef2},
  journal = {ACM Crossroads},
  keywords = {dblp},
  number = 2,
  pages = {16-21},
  timestamp = {2011-01-05T00:00:00.000+0100},
  title = {Analyzing the Amazon Mechanical Turk marketplace.},
  url = {http://dblp.uni-trier.de/db/journals/crossroads/crossroads17.html#Ipeirotis10},
  volume = 17,
  year = 2010
}
@inproceedings{conf/aaaiss/AhnD05,
  added-at = {2012-02-18T00:00:00.000+0100},
  author = {von Ahn, Luis and Dabbish, Laura},
  biburl = {http://www.bibsonomy.org/bibtex/26250a34c533904692f31b3cfc101232e/dblp},
  booktitle = {AAAI Spring Symposium: Knowledge Collection from Volunteer Contributors},
  crossref = {conf/aaaiss/2005-3},
  ee = {http://www.aaai.org/Library/Symposia/Spring/2005/ss05-03-014.php},
  interhash = {3005afd464bba7372c31cf27a5dd1aef},
  intrahash = {6250a34c533904692f31b3cfc101232e},
  keywords = {dblp},
  pages = {91-98},
  publisher = {AAAI},
  timestamp = {2012-02-18T00:00:00.000+0100},
  title = {ESP: Labeling Images with a Computer Game.},
  url = {http://dblp.uni-trier.de/db/conf/aaaiss/aaaiss2005-3.html#AhnD05},
  year = 2005
}
@inproceedings{conf/apweb/HuWWGZ10,
  added-at = {2010-05-19T00:00:00.000+0200},
  author = {Hu, Yajie and Wang, Ziqi and Wu, Wei and Guo, Jianzhong and Zhang, Ming},
  biburl = {http://www.bibsonomy.org/bibtex/2ae6cc3ccd9f994762b495c2360aecfb5/dblp},
  booktitle = {APWeb},
  crossref = {conf/apweb/2010},
  editor = {Han, Wook-Shin and Srivastava, Divesh and Yu, Ge and Yu, Hwanjo and Huang, Zi Helen},
  ee = {http://doi.ieeecomputersociety.org/10.1109/APWeb.2010.51},
  interhash = {7fc25e70dff947deb4501ddb790b9470},
  intrahash = {ae6cc3ccd9f994762b495c2360aecfb5},
  isbn = {978-0-7695-4012-2},
  keywords = {dblp},
  pages = {123-129},
  publisher = {IEEE Computer Society},
  timestamp = {2010-05-19T00:00:00.000+0200},
  title = {Recommendation for Movies and Stars Using YAGO and IMDB.},
  url = {http://dblp.uni-trier.de/db/conf/apweb/apweb2010.html#HuWWGZ10},
  year = 2010
}
@article{von2008recaptcha,
  added-at = {2014-01-17T10:55:07.000+0100},
  author = {Von Ahn, Luis and Maurer, Benjamin and McMillen, Colin and Abraham, David and Blum, Manuel},
  biburl = {http://www.bibsonomy.org/bibtex/2b27759024258d94484e2eaf5801919de/nosebrain},
  interhash = {9444cd77ddf43b6c19bf689be5b2ef34},
  intrahash = {b27759024258d94484e2eaf5801919de},
  journal = {Science},
  keywords = {character recaptcha recognition security web},
  number = 5895,
  pages = {1465--1468},
  publisher = {American Association for the Advancement of Science},
  timestamp = {2014-01-17T10:55:07.000+0100},
  title = {{reCAPTCHA}: Human-Based Character Recognition via Web Security Measures},
  volume = 321,
  year = 2008
}
